<record><leader>00000cas a22000007a 4500</leader><controlfield tag="001">14999251</controlfield><controlfield tag="008">861222d18651866mouwr ne      0    0eng d</controlfield><datafield ind1=" " ind2=" " tag="010"><subfield code="a">sn 86054058 </subfield></datafield><datafield ind1=" " ind2=" " tag="040"><subfield code="a">NPX</subfield><subfield code="b">eng</subfield><subfield code="c">NPX</subfield><subfield code="d">MQN</subfield><subfield code="d">OCLCQ</subfield></datafield><datafield ind1=" " ind2=" " tag="042"><subfield code="a">msc</subfield></datafield><datafield ind1="0" ind2="0" tag="245"><subfield code="a">Ironton forge.</subfield></datafield><datafield ind1=" " ind2=" " tag="260"><subfield code="a">Ironton, Mo. :</subfield><subfield code="b">Eli D. Ake,</subfield><subfield code="c">1865-</subfield></datafield><datafield ind1=" " ind2=" " tag="300"><subfield code="a">v.</subfield></datafield><datafield ind1=" " ind2=" " tag="310"><subfield code="a">Weekly</subfield></datafield><datafield ind1="0" ind2=" " tag="362"><subfield code="a">Vol. 1, no. 5 (Nov. 2, 1865)-</subfield></datafield><datafield ind1="1" ind2=" " tag="362"><subfield code="a">Ceased in 1866.</subfield><subfield code="z">Cf. Taft, W.H. Mo. newspapers: when and where, 1808-1963.</subfield></datafield><datafield ind1=" " ind2=" " tag="752"><subfield code="a">United States</subfield><subfield code="b">Missouri</subfield><subfield code="c">Iron</subfield><subfield code="d">Ironton.</subfield></datafield><datafield ind1="0" ind2="0" tag="780"><subfield code="t">Forge (Ironton, Mo.)</subfield><subfield code="w">(DLC)sn 89066694</subfield></datafield><datafield ind1="0" ind2="0" tag="785"><subfield code="t">Southeast Missouri enterprise (Ironton, Mo. : 1866)</subfield><subfield code="w">(DLC)sn 85033943</subfield></datafield></record>